@article{marsala-rank,
  title={Rank discrimination measures for enforcing monotonicity in decision tree induction},
  author={Marsala, Christophe and Petturiti, Davide},
  journal={Information Sciences},
  volume={291},
  pages={143--171},
  year={2015},
  publisher={Elsevier}
}

@article{hu-rank,
  title={Rank entropy-based decision trees for monotonic classification},
  author={Hu, Qinghua and Che, Xunjian and Zhang, Lei and Zhang, David and Guo, Maozu and Yu, Daren},
  journal={IEEE Transactions on Knowledge and Data Engineering},
  volume={24},
  number={11},
  pages={2052--2064},
  year={2012},
  publisher={IEEE}
}

@article{qian-fusing,
  title={Fusing monotonic decision trees},
  author={Qian, Yuhua and Xu, Hang and Liang, Jiye and Liu, Bing and Wang, Jieting},
  journal={IEEE Transactions on Knowledge and Data Engineering},
  volume={27},
  number={10},
  pages={2717--2728},
  year={2015},
  publisher={IEEE}
}

@article{pei-partially,
  title={Partially monotonic decision trees},
  author={Pei, Shenglei and Hu, Qinghua},
  journal={Information Sciences},
  volume={424},
  pages={104--117},
  year={2018},
  publisher={Elsevier}
}

@incollection{greco-new-bankruptcy,
  title={A new rough set approach to evaluation of bankruptcy risk},
  author={Greco, Salvatore and Matarazzo, Benedetto and Slowinski, Roman},
  booktitle={Operational tools in the management of financial risks},
  pages={121--136},
  year={1998},
  publisher={Springer}
}

@article{greco-customer,
  title={Customer satisfaction analysis based on rough set approach},
  author={Greco, Salvatore and Matarazzo, Benedetto and Slowinski, Roman},
  journal={Zeitschrift f{\"u}r Betriebswirtschaft},
  volume={77},
  number={3},
  pages={325--339},
  year={2007},
  publisher={Springer}
}

@inproceedings{marsala-gradual,
  title={Gradual fuzzy decision trees to help medical diagnosis},
  author={Marsala, Christophe},
  booktitle={Fuzzy Systems (FUZZ-IEEE), 2012 IEEE International Conference on},
  pages={1--6},
  year={2012},
  organization={IEEE}
}

@article{pazzani-acceptance,
  title={Acceptance of rules generated by machine learning among medical experts},
  author={Pazzani, Michael J and Mani, S and Shankle, William R},
  journal={Methods of information in medicine},
  volume={40},
  number={05},
  pages={380--385},
  year={2001},
  publisher={Schattauer GmbH}
}

@article{quinlan-induction,
  title={Induction of decision trees},
  author={Quinlan, J. Ross},
  journal={Machine learning},
  volume={1},
  number={1},
  pages={81--106},
  year={1986},
  publisher={Springer}
}

@article{leo-classification,
  title={Classification and regression trees},
  author={Leo, Breiman and Friedman, Jerome H and Olshen, Richard A and Stone, Charles J},
  journal={Wadsworth International Group},
  year={1984}
}

@article{ben-adding,
  title={Adding monotonicity to learning algorithms may impair their accuracy},
  author={Ben-David, Arie and Sterling, Leon and Tran, TriDat},
  journal={Expert Systems with Applications},
  volume={36},
  number={3},
  pages={6627--6634},
  year={2009},
  publisher={Elsevier}
}

@article{ben-learning,
  title={Learning and classification of monotonic ordinal concepts},
  author={Ben-David, Arie and Sterling, Leon and Pao, Yoh-Han},
  journal={Computational Intelligence},
  volume={5},
  number={1},
  pages={45--49},
  year={1989},
  publisher={Wiley Online Library}
}

@article{ben-monotonicity,
  title={Monotonicity maintenance in information-theoretic machine learning algorithms},
  author={Ben-David, Arie},
  journal={Machine Learning},
  volume={19},
  number={1},
  pages={29--43},
  year={1995},
  publisher={Springer}
}

@incollection{cao-consistent,
  title={Consistent representation of rankings},
  author={Cao-Van, Kim and De Baets, Bernard},
  booktitle={Theory and Applications of Relational Structures as Knowledge Instruments},
  pages={107--123},
  year={2003},
  publisher={Springer}
}

@article{xia-ranking,
  title={Ranking with decision tree},
  author={Xia, Fen and Zhang, Wensheng and Li, Fuxin and Yang, Yanwu},
  journal={Knowledge and information systems},
  volume={17},
  number={3},
  pages={381--395},
  year={2008},
  publisher={Springer}
}

@phdthesis{cao-supervised,
  title={Supervised ranking: from semantics to algorithms},
  author={Cao-Van, Kim},
  year={2003},
  school={Ghent University}
}

@article{blaszczynski-sequential,
  title={Sequential covering rule induction algorithm for variable consistency rough set approaches},
  author={B{\l}aszczy{\'n}ski, Jerzy and S{\l}owi{\'n}ski, Roman and Szel{\k{a}}g, Marcin},
  journal={Information Sciences},
  volume={181},
  number={5},
  pages={987--1002},
  year={2011},
  publisher={Elsevier}
}

@inproceedings{blaszczynski-induction,
  title={Induction of ordinal classification rules from incomplete data},
  author={B{\l}aszczy{\'n}ski, Jerzy and S{\l}owi{\'n}ski, Roman and Szel{\k{a}}g, Marcin},
  booktitle={International Conference on Rough Sets and Current Trends in Computing},
  pages={56--65},
  year={2012},
  organization={Springer}
}

@article{wang-induction,
  title={Induction of ordinal classification rules from decision tables with unknown monotonicity},
  author={Wang, Hailiang and Zhou, Mingtian and She, Kun},
  journal={European Journal of Operational Research},
  volume={242},
  number={1},
  pages={172--181},
  year={2015},
  publisher={Elsevier}
}

@article{greco-roughappr,
  title={Rough approximation by dominance relations},
  author={Greco, Salvatore and Matarazzo, Benedetto and Slowinski, Roman},
  journal={International journal of intelligent systems},
  volume={17},
  number={2},
  pages={153--171},
  year={2002},
  publisher={Wiley Online Library}
}

@article{greco-roughsets,
  title={Rough sets methodology for sorting problems in presence of multiple attributes and criteria},
  author={Greco, Salvatore and Matarazzo, Benedetto and Slowinski, Roman},
  journal={European journal of operational research},
  volume={138},
  number={2},
  pages={247--259},
  year={2002},
  publisher={Elsevier}
}

@article{walt-numpy,
 author = {Walt, Stefan van der and Colbert, S. Chris and Varoquaux, Gael},
 title = {The NumPy Array: A Structure for Efficient Numerical Computation},
 journal = {Computing in Science and Engg.},
 issue_date = {March 2011},
 volume = {13},
 number = {2},
 month = mar,
 year = {2011},
 issn = {1521-9615},
 pages = {22--30},
 numpages = {9},
 url = {https://doi.org/10.1109/MCSE.2011.37},
 doi = {10.1109/MCSE.2011.37},
 acmid = {1957466},
 publisher = {IEEE Educational Activities Department},
 address = {Piscataway, NJ, USA},
 keywords = {NumPy, Python, Python, NumPy, scientific programming, numerical computations, programming libraries, numerical computations, programming libraries, scientific programming},
}

@Article{hunter-matplotlib,
  Author    = {Hunter, J. D.},
  Title     = {Matplotlib: A 2D graphics environment},
  Journal   = {Computing In Science \& Engineering},
  Volume    = {9},
  Number    = {3},
  Pages     = {90--95},
  abstract  = {Matplotlib is a 2D graphics package used for Python
  for application development, interactive scripting, and
  publication-quality image generation across user
  interfaces and operating systems.},
  publisher = {IEEE COMPUTER SOC},
  doi       = {10.1109/MCSE.2007.55},
  year      = 2007
}

@article{scikit-learn,
    title={Scikit-learn: Machine Learning in {P}ython},
    author={Pedregosa, F. and Varoquaux, G. and Gramfort, A. and Michel, V.
            and Thirion, B. and Grisel, O. and Blondel, M. and Prettenhofer, P.
            and Weiss, R. and Dubourg, V. and Vanderplas, J. and Passos, A. and
            Cournapeau, D. and Brucher, M. and Perrot, M. and Duchesnay, E.},
    journal={Journal of Machine Learning Research},
    volume={12},
    pages={2825--2830},
    year={2011}
}

@misc{uci ,
    author = "Dheeru, Dua and Karra Taniskidou, Efi",
    year = "2017",
    title = "{UCI} Machine Learning Repository",
    url = "http://archive.ics.uci.edu/ml",
    institution = "University of California, Irvine, School of Information and Computer Sciences" 
}

@inproceedings{kotlowski-rule,
  title={Rule learning with monotonicity constraints},
  author={Kot{\l}owski, Wojciech and S{\l}owi{\'n}ski, Roman},
  booktitle={Proceedings of the 26th Annual International Conference on Machine Learning},
  pages={537--544},
  year={2009},
  organization={ACM}
}
