@article{pazzani-acceptance,
  title={Acceptance of rules generated by machine learning among medical experts},
  author={Pazzani, Michael J and Mani, S and Shankle, William R},
  journal={Methods of information in medicine},
  volume={40},
  number={05},
  pages={380--385},
  year={2001},
  publisher={Schattauer GmbH}
}

@article{potharst-classification-bank,
  title={Classification trees for problems with monotonicity constraints},
  author={Potharst, Rob and Feelders, Adrianus Johannes},
  journal={ACM SIGKDD Explorations Newsletter},
  volume={4},
  number={1},
  pages={1--10},
  year={2002},
  publisher={ACM}
}

@article{marsala-rank,
  title={Rank discrimination measures for enforcing monotonicity in decision tree induction},
  author={Marsala, Christophe and Petturiti, Davide},
  journal={Information Sciences},
  volume={291},
  pages={143--171},
  year={2015},
  publisher={Elsevier}
}

@article{hu-information,
  title={Information entropy for ordinal classification},
  author={Hu, Qinghua and Guo, Maozu and Yu, Daren and Liu, Jinfu},
  journal={Science China Information Sciences},
  volume={53},
  number={6},
  pages={1188--1200},
  year={2010},
  publisher={Springer}
}
