@article{marsala-rank,
  title={Rank discrimination measures for enforcing monotonicity in decision tree induction},
  author={Marsala, Christophe and Petturiti, Davide},
  journal={Information Sciences},
  volume={291},
  pages={143--171},
  year={2015},
  publisher={Elsevier}
}

@article{hu-rank,
  title={Rank entropy-based decision trees for monotonic classification},
  author={Hu, Qinghua and Che, Xunjian and Zhang, Lei and Zhang, David and Guo, Maozu and Yu, Daren},
  journal={IEEE Transactions on Knowledge and Data Engineering},
  volume={24},
  number={11},
  pages={2052--2064},
  year={2012},
  publisher={IEEE}
}

@article{qian-fusing,
  title={Fusing monotonic decision trees},
  author={Qian, Yuhua and Xu, Hang and Liang, Jiye and Liu, Bing and Wang, Jieting},
  journal={IEEE Transactions on Knowledge and Data Engineering},
  volume={27},
  number={10},
  pages={2717--2728},
  year={2015},
  publisher={IEEE}
}

@article{pei-partially,
  title={Partially monotonic decision trees},
  author={Pei, Shenglei and Hu, Qinghua},
  journal={Information Sciences},
  volume={424},
  pages={104--117},
  year={2018},
  publisher={Elsevier}
}

@incollection{greco-new-bankruptcy,
  title={A new rough set approach to evaluation of bankruptcy risk},
  author={Greco, Salvatore and Matarazzo, Benedetto and Slowinski, Roman},
  booktitle={Operational tools in the management of financial risks},
  pages={121--136},
  year={1998},
  publisher={Springer}
}

@article{greco-customer,
  title={Customer satisfaction analysis based on rough set approach},
  author={Greco, Salvatore and Matarazzo, Benedetto and Slowinski, Roman},
  journal={Zeitschrift f{\"u}r Betriebswirtschaft},
  volume={77},
  number={3},
  pages={325--339},
  year={2007},
  publisher={Springer}
}

@inproceedings{marsala-gradual,
  title={Gradual fuzzy decision trees to help medical diagnosis},
  author={Marsala, Christophe},
  booktitle={Fuzzy Systems (FUZZ-IEEE), 2012 IEEE International Conference on},
  pages={1--6},
  year={2012},
  organization={IEEE}
}

@article{pazzani-acceptance,
  title={Acceptance of rules generated by machine learning among medical experts},
  author={Pazzani, Michael J and Mani, S and Shankle, William R},
  journal={Methods of information in medicine},
  volume={40},
  number={05},
  pages={380--385},
  year={2001},
  publisher={Schattauer GmbH}
}

@article{quinlan-induction,
  title={Induction of decision trees},
  author={Quinlan, J. Ross},
  journal={Machine learning},
  volume={1},
  number={1},
  pages={81--106},
  year={1986},
  publisher={Springer}
}

@article{leo-classification,
  title={Classification and regression trees},
  author={Leo, Breiman and Friedman, Jerome H and Olshen, Richard A and Stone, Charles J},
  journal={Wadsworth International Group},
  year={1984}
}

@article{ben-adding,
  title={Adding monotonicity to learning algorithms may impair their accuracy},
  author={Ben-David, Arie and Sterling, Leon and Tran, TriDat},
  journal={Expert Systems with Applications},
  volume={36},
  number={3},
  pages={6627--6634},
  year={2009},
  publisher={Elsevier}
}

@article{ben-learning,
  title={Learning and classification of monotonic ordinal concepts},
  author={Ben-David, Arie and Sterling, Leon and Pao, Yoh-Han},
  journal={Computational Intelligence},
  volume={5},
  number={1},
  pages={45--49},
  year={1989},
  publisher={Wiley Online Library}
}

@article{ben-monotonicity,
  title={Monotonicity maintenance in information-theoretic machine learning algorithms},
  author={Ben-David, Arie},
  journal={Machine Learning},
  volume={19},
  number={1},
  pages={29--43},
  year={1995},
  publisher={Springer}
}

@incollection{cao-consistent,
  title={Consistent representation of rankings},
  author={Cao-Van, Kim and De Baets, Bernard},
  booktitle={Theory and Applications of Relational Structures as Knowledge Instruments},
  pages={107--123},
  year={2003},
  publisher={Springer}
}
